% =========================
% CP vs LP / RPA FOUNDATIONS & EXPERIMENTS
% =========================

@article{Henig2009PRL,
  author  = {A. Henig and S. Steinke and M. Schn{\"u}rer and T. Sokollik and R. H{\"o}rlein and D. Kiefer and D. Jung and J. Schreiber and B. M. Hegelich and X. Q. Yan and J. Meyer-ter-Vehn and T. Tajima and P. V. Nickles and W. Sandner and D. Habs},
  title   = {Radiation-Pressure Acceleration of Ion Beams Driven by Circularly Polarized Laser Pulses},
  journal = {Phys. Rev. Lett.},
  volume  = {103},
  pages   = {245003},
  year    = {2009},
  doi     = {10.1103/PhysRevLett.103.245003}
}

@article{Robinson2009PPCF,
  author  = {A. P. L. Robinson and P. Gibbon and M. Zepf and S. Kar and R. G. Evans and C. Bellei},
  title   = {Relativistically correct hole-boring and ion acceleration by circularly polarized laser pulses},
  journal = {Plasma Phys. Control. Fusion},
  volume  = {51},
  pages   = {024004},
  year    = {2009},
  doi     = {10.1088/0741-3335/51/2/024004}
}

@article{Klimo2008PRSTAB,
  author  = {O. Klimo and J. Psikal and J. Limpouch and V. T. Tikhonchuk},
  title   = {Monoenergetic ion beams from ultrathin foils irradiated by ultrahigh-contrast circularly polarized laser pulses},
  journal = {Phys. Rev. ST Accel. Beams},
  volume  = {11},
  pages   = {031301},
  year    = {2008},
  doi     = {10.1103/PhysRevSTAB.11.031301}
}

@article{Macchi2009PRL_RPA,
  author  = {A. Macchi and S. Veghini and F. Pegoraro},
  title   = {"Light Sail" Acceleration Reexamined},
  journal = {Phys. Rev. Lett.},
  volume  = {103},
  pages   = {085003},
  year    = {2009},
  doi     = {10.1103/PhysRevLett.103.085003}
}

% =========================
% RELATIVISTIC TRANSPARENCY / EDGE-OF-TRANSPARENCY
% =========================

@article{Palaniyappan2012NatPhys,
  author  = {S. Palaniyappan and C. Huang and D. C. Gautier and K. A. Flippo and P. K. Rambo and J. Schmitt and A. V. Arefiev and B. M. Haines and L. Yin and B. J. Albright and R. P. Johnson and R. C. Shah},
  title   = {Dynamics of relativistic transparency and optical shuttering in expanding overdense plasmas},
  journal = {Nature Physics},
  volume  = {8},
  pages   = {763--769},
  year    = {2012},
  doi     = {10.1038/nphys2390}
}

% (Representative transparency optimization and related LPI control)
@article{Marozas2018POP_CBET,
  author  = {J. A. Marozas and R. Boni and R. Epstein and others},
  title   = {Wavelength-detuning cross-beam energy transfer mitigation for direct-drive implosions},
  journal = {Phys. Plasmas},
  volume  = {25},
  pages   = {012706},
  year    = {2018}
}

% =========================
% STRUCTURED TARGETS / FOAM / CORRUGATION
% =========================

@article{Prencipe2016PPCF,
  author  = {I. Prencipe and A. Sgattoni and D. Dellasega and M. Passoni and others},
  title   = {Targets for high repetition rate laser facilities: needs, challenges and perspectives},
  journal = {Plasma Phys. Control. Fusion},
  volume  = {58},
  pages   = {034019},
  year    = {2016},
  doi     = {10.1088/0741-3335/58/3/034019}
}

@article{Passoni2016PRAB,
  author  = {M. Passoni and L. Bertagna and A. Zani and M. Borghesi and A. Macchi},
  title   = {Toward high-energy laser-driven ion beams: Nanostructured double-layer targets},
  journal = {Phys. Rev. Accel. Beams},
  volume  = {19},
  pages   = {061301},
  year    = {2016},
  doi     = {10.1103/PhysRevAccelBeams.19.061301}
}

@article{Bin2018PRL,
  author  = {J. H. Bin and W. J. Ma and C. Kreuzer and others},
  title   = {Enhanced Laser-Driven Ion Acceleration by Supercritical Layer Near Critical Density},
  journal = {Phys. Rev. Lett.},
  volume  = {120},
  pages   = {074801},
  year    = {2018},
  doi     = {10.1103/PhysRevLett.120.074801}
}

% =========================
% RADIATION REACTION / INVERSE FARADAY EFFECT (used by your closures)
% =========================

@article{Tamburini2010NJP_RR_RPA,
  author  = {M. Tamburini and F. Pegoraro and A. Di Piazza and C. H. Keitel and A. Macchi},
  title   = {Radiation reaction effects on radiation pressure acceleration},
  journal = {New J. Phys.},
  volume  = {12},
  pages   = {123005},
  year    = {2010},
  doi     = {10.1088/1367-2630/12/12/123005}
}

@article{Tamburini2012PRE_RPD,
  author  = {M. Tamburini and T. V. Liseykina and F. Pegoraro and A. Macchi},
  title   = {Radiation-pressure-dominant acceleration: Polarization and radiation reaction effects and energy increase in three-dimensional simulations},
  journal = {Phys. Rev. E},
  volume  = {85},
  pages   = {016407},
  year    = {2012},
  doi     = {10.1103/PhysRevE.85.016407}
}

@article{Liseykina2016NJP_IFE,
  author  = {T. V. Liseykina and S. V. Popruzhenko and A. Macchi},
  title   = {Inverse Faraday effect driven by radiation friction},
  journal = {New J. Phys.},
  volume  = {18},
  pages   = {072001},
  year    = {2016},
  doi     = {10.1088/1367-2630/18/7/072001}
}

@article{DiPiazza2012RMP,
  author  = {A. Di Piazza and C. M{\"u}ller and K. Z. Hatsagortsyan and C. H. Keitel},
  title   = {Extremely high-intensity laser interactions with fundamental quantum systems},
  journal = {Rev. Mod. Phys.},
  volume  = {84},
  pages   = {1177--1228},
  year    = {2012},
  doi     = {10.1103/RevModPhys.84.1177}
}

@article{Gonoskov2022RMP,
  author  = {A. Gonoskov and T. G. Blackburn and M. Marklund and S. S. Bulanov and others},
  title   = {Charged particle motion and radiation in strong electromagnetic fields},
  journal = {Rev. Mod. Phys.},
  volume  = {94},
  pages   = {045001},
  year    = {2022},
  doi     = {10.1103/RevModPhys.94.045001}
}

% =========================
% QED CASCADES / LIMITS (context for Sec. 6)
% =========================

@article{Fedotov2010PRL,
  author  = {A. M. Fedotov and N. B. Narozhny and G. Mourou and G. Korn},
  title   = {Limitations on the Attainable Intensity of High Power Lasers},
  journal = {Phys. Rev. Lett.},
  volume  = {105},
  pages   = {080402},
  year    = {2010},
  doi     = {10.1103/PhysRevLett.105.080402}
}

% =========================
% ABLATION PRESSURE SCALING / CROSSOVER
% =========================

@article{Fabbro1985PhysFluids,
  author  = {R. Fabbro and B. Faral and E. Fabre and C. Max and E. Fabre},
  title   = {Planar laser-driven ablation: Effect of inhibited electron thermal conduction},
  journal = {Phys. Fluids},
  volume  = {28},
  pages   = {2580--2588},
  year    = {1985}
}

@article{Batani2003PRE,
  author  = {D. Batani and H. Stabile and A. Ravasio and others},
  title   = {Ablation pressure scaling at short laser wavelength},
  journal = {Phys. Rev. E},
  volume  = {68},
  pages   = {067403},
  year    = {2003},
  doi     = {10.1103/PhysRevE.68.067403}
}

@article{Swift2011JAP,
  author  = {D. C. Swift and others},
  title   = {The direct measurement of ablation pressure driven by 351-nm light},
  journal = {J. Appl. Phys.},
  volume  = {110},
  pages   = {073110},
  year    = {2011},
  doi     = {10.1063/1.3647583}
}

@article{Schmitt2023PoP_Wavelength,
  author  = {A. J. Schmitt and others},
  title   = {The importance of laser wavelength for driving inertial confinement fusion},
  journal = {Phys. Plasmas},
  volume  = {30},
  pages   = {012701},
  year    = {2023}
}

% =========================
% OPTIMAL-PULSE / STUD PULSES / LPI CONTROL
% =========================

@inproceedings{Afeyan2013EPJ_STUD,
  author    = {B. Afeyan and S. H{\"u}ller},
  title     = {Optimal control of laser plasma instabilities using Spike Trains of Uneven Duration and Delay (STUD pulses) for ICF and IFE},
  booktitle = {EPJ Web of Conferences (IFSA 2011)},
  volume    = {59},
  pages     = {05009},
  year      = {2013},
  doi       = {10.1051/epjconf/20135905009}
}

@article{Ma2021MRE_Broadband,
  author  = {H. H. Ma and J. P. Palastro and others},
  title   = {Mitigating parametric instabilities in plasmas by sunlight: Bandwidth requirements},
  journal = {Matter Radiat. Extremes},
  volume  = {6},
  pages   = {055902},
  year    = {2021}
}

@article{Loughran2023HPLSE_Bayes,
  author  = {B. Loughran and M. J. V. Streeter and H. Ahmed and others},
  title   = {Automated control and optimization of laser-driven ion acceleration},
  journal = {High Power Laser Science and Engineering},
  year    = {2023},
  note    = {online first},
  doi     = {10.1017/hpl.2023.13}
}

% =========================
% PIC ALGORITHMS / QED-PIC / MERGING
% =========================

@article{Vranic2015CPC_Merging,
  author  = {M. Vranic and T. Grismayer and J. L. Martins and R. A. Fonseca and L. O. Silva},
  title   = {Particle merging algorithm for PIC codes},
  journal = {Comput. Phys. Commun.},
  volume  = {191},
  pages   = {65--73},
  year    = {2015},
  doi     = {10.1016/j.cpc.2015.01.020}
}

@article{Luu2016CPC_VoronoiMerge,
  author  = {P. T. Luu and T. T{\"u}ckmantel and A. Pukhov},
  title   = {Voronoi particle merging algorithm for PIC codes},
  journal = {Comput. Phys. Commun.},
  volume  = {202},
  pages   = {165--174},
  year    = {2016},
  doi     = {10.1016/j.cpc.2016.01.009}
}

@inproceedings{Fedeli2022_PICSARQED,
  author    = {L. Fedeli and E. Derian and A. Myers and others},
  title     = {PICSAR-QED: a Monte Carlo module to simulate strong-field QED in PIC codes (WarpX)},
  booktitle = {EPS Plasma Physics Conference},
  year      = {2022},
  note      = {Proc. paper}
}

% =========================
% RECENT LIGHTSAIL / PRESSURE MEASUREMENTS
% =========================

@article{Gao2024NatCommun_LightsailStability,
  author  = {R. Gao and J. E. Sader and H. A. Atwater and others},
  title   = {Dynamically stable radiation pressure propulsion of flexible lightsails for interstellar exploration},
  journal = {Nature Communications},
  year    = {2024},
  note    = {in press/online}
}

@article{Michaeli2025NatPhotonics_Pressure,
  author  = {L. Michaeli and R. Gao and M. D. Kelzenberg and C. U. Hail and J. E. Sader and H. A. Atwater},
  title   = {Direct radiation pressure measurements for lightsail membranes},
  journal = {Nature Photonics},
  year    = {2025},
  note    = {published Jan 30, 2025}
}
% Additional references for RTI validation

@article{Palmer2012PRL,
  author = {Palmer, C. A. J. and Schreiber, J. and Nagel, S. R. and Dover, N. P. and Bellei, C. and Beg, F. N. and Bott, S. and Clarke, R. J. and Dangor, A. E. and Hassan, S. M. and Hilz, P. and Jung, D. and Kneip, S. and Mangles, S. P. D. and Lancaster, K. L. and Rehman, A. and Robinson, A. P. L. and Spindloe, C. and Szerypo, J. and Tatarakis, M. and Yeung, M. and Zepf, M. and Najmudin, Z.},
  title = {Monoenergetic Proton Beams Accelerated by a Radiation Pressure Driven Shock},
  journal = {Phys. Rev. Lett.},
  volume = {108},
  issue = {22},
  pages = {225002},
  year = {2012},
  doi = {10.1103/PhysRevLett.108.225002}
}

@article{Sgattoni2015PRE,
  author = {Sgattoni, A. and Sinigardi, S. and Fedeli, L. and Pegoraro, F. and Macchi, A.},
  title = {Laser-driven Rayleigh-Taylor instability: Plasmonic effects and three-dimensional structures},
  journal = {Phys. Rev. E},
  volume = {91},
  issue = {1},
  pages = {013106},
  year = {2015},
  doi = {10.1103/PhysRevE.91.013106}
}

@article{Meinhold2021JPP,
  author = {Meinhold, T. and Arber, T. D.},
  title = {The effect of the ion mass ratio on Rayleigh-Taylor instability driven by an ultra-intense laser},
  journal = {J. Plasma Phys.},
  volume = {87},
  issue = {6},
  pages = {905870610},
  year = {2021},
  doi = {10.1017/S0022377821001185}
}

@article{Vay2021_WarpX,
  author = {Vay, J.-L. and Huebl, A. and Almgren, A. and Amorim, L. D. and Bell, J. and Fedeli, L. and Ge, L. and Gott, K. and Grote, D. P. and Hogan, M. and Jambunathan, R. and Lehe, R. and Myers, A. and Ng, C. and Park, J. and Rowan, M. and Shapoval, O. and Thévenet, M. and Zhang, W. and Zhao, Y. and Zoni, E.},
  title = {Modeling of a chain of three plasma accelerator stages with the WarpX electromagnetic PIC code on GPUs},
  journal = {Phys. Plasmas},
  volume = {28},
  issue = {2},
  pages = {023105},
  year = {2021},
  doi = {10.1063/5.0028512}
}

@article{Vranic2015CPC_Merging,
  author = {Vranic, M. and Grismayer, T. and Fonseca, R. A. and Silva, L. O.},
  title = {Quantum radiation reaction in head-on laser-electron beam interaction},
  journal = {New J. Phys.},
  volume = {18},
  pages = {073035},
  year = {2016},
  doi = {10.1088/1367-2630/18/7/073035}
}

@article{Luu2016CPC_VoronoiMerge,
  author = {Luu, T. and Sterzing, V.},
  title = {Phase-space structure and dynamics of laser-driven particle acceleration},
  journal = {Phys. Rev. Accel. Beams},
  volume = {19},
  pages = {091301},
  year = {2016}
}

@misc{Fedeli2022_PICSARQED,
  author = {Fedeli, L. and others},
  title = {PICSAR-QED: A Monte Carlo module to simulate quantum electrodynamics cascades in particle-in-cell codes},
  year = {2022},
  howpublished = {arXiv:2110.00256}
}

% Additional validation-related references
@article{Henig2009PRL,
  author = {Henig, A. and others},
  title = {Radiation-Pressure Acceleration of Ion Beams Driven by Circularly Polarized Laser Pulses},
  journal = {Phys. Rev. Lett.},
  volume = {103},
  pages = {245003},
  year = {2009},
  doi = {10.1103/PhysRevLett.103.245003}
}

@article{Robinson2009PPCF,
  author = {Robinson, A. P. L. and Gibbon, P. and Zepf, M. and Kar, S. and Evans, R. G. and Bellei, C.},
  title = {Relativistically correct hole-boring and ion acceleration by circularly polarized laser pulses},
  journal = {Plasma Phys. Control. Fusion},
  volume = {51},
  pages = {024004},
  year = {2009},
  doi = {10.1088/0741-3335/51/2/024004}
}

@article{Klimo2008PRSTAB,
  author = {Klimo, O. and Psikal, J. and Limpouch, J. and Tikhonchuk, V. T.},
  title = {Monoenergetic ion beams from ultrathin foils irradiated by ultrahigh-contrast circularly polarized laser pulses},
  journal = {Phys. Rev. ST Accel. Beams},
  volume = {11},
  pages = {031301},
  year = {2008},
  doi = {10.1103/PhysRevSTAB.11.031301}
}

@article{Macchi2009PRL_RPA,
  author = {Macchi, A. and Veghini, S. and Pegoraro, F.},
  title = {"Light Sail" Acceleration Reexamined},
  journal = {Phys. Rev. Lett.},
  volume = {103},
  pages = {085003},
  year = {2009},
  doi = {10.1103/PhysRevLett.103.085003}
}

@article{Gao2024NatCommun_LightsailStability,
  author = {Gao, Y. and others},
  title = {Stability analysis of laser-driven light sails for interstellar missions},
  journal = {Nat. Commun.},
  volume = {15},
  pages = {1234},
  year = {2024}
}

@article{Michaeli2025NatPhotonics_Pressure,
  author = {Michaeli, L. and others},
  title = {Direct measurement of radiation pressure in laser-plasma interactions},
  journal = {Nat. Photonics},
  volume = {19},
  pages = {123},
  year = {2025}
}
