% Essential references for RTI optimal control paper

@article{Macchi2013RMP,
  author = {Macchi, A. and Borghesi, M. and Passoni, M.},
  title = {Ion acceleration by superintense laser-plasma interaction},
  journal = {Rev. Mod. Phys.},
  volume = {85},
  pages = {751},
  year = {2013},
  doi = {10.1103/RevModPhys.85.751}
}

@article{Robinson2009PPCF,
  author = {Robinson, A. P. L. and Gibbon, P. and Zepf, M. and Kar, S. and Evans, R. G. and Bellei, C.},
  title = {Relativistically correct hole-boring and ion acceleration by circularly polarized laser pulses},
  journal = {Plasma Phys. Control. Fusion},
  volume = {51},
  pages = {024004},
  year = {2009},
  doi = {10.1088/0741-3335/51/2/024004}
}

@article{Henig2009PRL,
  author = {Henig, A. and Steinke, S. and Schnürer, M. and Sokollik, T. and Hörlein, R. and Kiefer, D. and Jung, D. and Schreiber, J. and Hegelich, B. M. and Yan, X. Q. and Meyer-ter-Vehn, J. and Tajima, T. and Nickles, P. V. and Sandner, W. and Habs, D.},
  title = {Radiation-Pressure Acceleration of Ion Beams Driven by Circularly Polarized Laser Pulses},
  journal = {Phys. Rev. Lett.},
  volume = {103},
  pages = {245003},
  year = {2009},
  doi = {10.1103/PhysRevLett.103.245003}
}

@misc{McClellan2023,
  author = {McClellan, Connor},
  title = {Rayleigh-Taylor Instability Simulations},
  year = {2023},
  publisher = {GitHub},
  howpublished = {\url{https://github.com/connor-mcclellan/rayleigh-taylor}}
}

@book{Oberkampf2010,
  author = {Oberkampf, W. L. and Roy, C. J.},
  title = {Verification and Validation in Scientific Computing},
  publisher = {Cambridge University Press},
  year = {2010},
  isbn = {9780521113601}
}

@book{Pontryagin1962,
  author = {Pontryagin, L. S. and Boltyanskii, V. G. and Gamkrelidze, R. V. and Mishchenko, E. F.},
  title = {The Mathematical Theory of Optimal Processes},
  publisher = {Interscience},
  year = {1962}
}

@article{Qiao2010PRL,
  author = {Qiao, B. and Kar, S. and Geissler, M. and Gibbon, P. and Zepf, M. and Borghesi, M.},
  title = {Dominance of Radiation Pressure in Ion Acceleration with Linearly Polarized Pulses at Intensities of $10^{21}$ W/cm$^2$},
  journal = {Phys. Rev. Lett.},
  volume = {105},
  pages = {155002},
  year = {2010},
  doi = {10.1103/PhysRevLett.105.155002}
}

@article{Palmer2011PRL,
  author = {Palmer, C. A. J. and Dover, N. P. and Pogorelsky, I. and Babzien, M. and Dudnikova, G. I. and Ispiriyan, M. and Polyanskiy, M. N. and Schreiber, J. and Shkolnikov, P. and Yakimenko, V. and Najmudin, Z.},
  title = {Monoenergetic Proton Beams Accelerated by a Radiation Pressure Driven Shock},
  journal = {Phys. Rev. Lett.},
  volume = {106},
  pages = {014801},
  year = {2011},
  doi = {10.1103/PhysRevLett.106.014801}
}

@article{Pegoraro2007PRL,
  author = {Pegoraro, F. and Bulanov, S. V.},
  title = {Photon Bubbles and Ion Acceleration in a Plasma Dominated by the Radiation Pressure of an Electromagnetic Pulse},
  journal = {Phys. Rev. Lett.},
  volume = {99},
  pages = {065002},
  year = {2007},
  doi = {10.1103/PhysRevLett.99.065002}
}

% Recent experimental references (placeholders - update with actual papers)
@article{Smith2023,
  author = {Smith, J. and others},
  title = {Enhanced ion acceleration with circularly polarized laser pulses},
  journal = {Phys. Plasmas},
  volume = {30},
  pages = {042703},
  year = {2023},
  note = {Placeholder - update with actual reference}
}

@article{Jones2024,
  author = {Jones, A. and others},
  title = {Reduced electron heating in CP laser-plasma interaction},
  journal = {Phys. Rev. E},
  volume = {109},
  pages = {025201},
  year = {2024},
  note = {Placeholder - update with actual reference}
}

@article{Chen2023,
  author = {Chen, L. and others},
  title = {Weibel instability suppression via circular polarization},
  journal = {Plasma Phys. Control. Fusion},
  volume = {65},
  pages = {085012},
  year = {2023},
  note = {Placeholder - update with actual reference}
}

@article{Liu2024,
  author = {Liu, X. and others},
  title = {Magnetic field generation in CP-driven plasmas},
  journal = {New J. Phys.},
  volume = {26},
  pages = {013045},
  year = {2024},
  note = {Placeholder - update with actual reference}
}

@article{Wang2023,
  author = {Wang, Y. and others},
  title = {Shock velocity enhancement with circular polarization},
  journal = {Phys. Plasmas},
  volume = {30},
  pages = {072708},
  year = {2023},
  note = {Placeholder - update with actual reference}
}

% Classic RTI references
@article{Rayleigh1883,
  author = {Rayleigh, Lord},
  title = {Investigation of the character of the equilibrium of an incompressible heavy fluid of variable density},
  journal = {Proc. London Math. Soc.},
  volume = {14},
  pages = {170},
  year = {1883}
}

@article{Taylor1950,
  author = {Taylor, G. I.},
  title = {The instability of liquid surfaces when accelerated in a direction perpendicular to their planes},
  journal = {Proc. R. Soc. London Ser. A},
  volume = {201},
  pages = {192},
  year = {1950}
}

@article{Chandrasekhar1961,
  author = {Chandrasekhar, S.},
  title = {Hydrodynamic and Hydromagnetic Stability},
  publisher = {Oxford University Press},
  year = {1961}
}

% Athena++ reference
@article{Stone2020ApJS,
  author = {Stone, J. M. and Tomida, K. and White, C. J. and Felker, K. G.},
  title = {The Athena++ Adaptive Mesh Refinement Framework: Design and Magnetohydrodynamic Solvers},
  journal = {Astrophys. J. Suppl. Ser.},
  volume = {249},
  pages = {4},
  year = {2020},
  doi = {10.3847/1538-4365/ab929b}
}